@article{rodrigues2007seasonal,
	title={Seasonal variability of the South Equatorial Current bifurcation in the Atlantic Ocean: A numerical study},
	author={Rodrigues, Regina R and others},
	journal={Journal of Physical Oceanography},
	volume={37},
	number={1},
	pages={16--30},
	year={2007},
	publisher={American Meteorological Society}
}
@article{mano2009energy,
	title={Energy flux to a cyclonic eddy off Cabo Frio, Brazil},
	author={Mano, Manlio F and Paiva, Afonso M and Torres, Audalio R and Coutinho, Alvaro LGA},
	journal={Journal of physical oceanography},
	volume={39},
	number={11},
	pages={2999--3010},
	year={2009},
	publisher={American Meteorological Society}
}
@article{wunsch2004vertical,
	title={Vertical mixing, energy, and the general circulation of the oceans},
	author={Wunsch, Carl and Ferrari, Raffaele},
	journal={Annu. Rev. Fluid Mech.},
	volume={36},
	pages={281--314},
	year={2004},
	publisher={Annual Reviews}
}

@article{silveira2000corrente,
	title={A corrente do Brasil ao largo da costa leste brasileira},
	author={Silveira, Ilson Carlos Almeida da and Schmidt, Andr{\'e} Campos Kersten and Campos, Edmo Jos{\'e} Dias and Godoi, Sueli Susana de and Ikeda, Yoshimine},
	journal={Revista Brasileira de Oceanografia},
	volume={48},
	pages={171--183},
	year={2000},
	publisher={SciELO Brasil}
}

@article{oliveira2009brazil,
	title={Brazil Current surface circulation and energetics observed from drifting buoys},
	author={Oliveira, Leopoldo R and Piola, Alberto R and Mata, Mauricio M and Soares, Ivan D},
	journal={Journal of Geophysical Research: Oceans},
	volume={114},
	number={C10},
	year={2009},
	publisher={Wiley Online Library}
}


@book{cushman2011introduction,
	title={Introduction to Geophysical Fluid Dynamics: Physical and Numerical Aspects},
	author={Cushman-Roisin, B. and Beckers, J.M.},
	isbn={9780120887590},
	lccn={93044584},
	series={International Geophysics},
	url={https://books.google.com.br/books?id=3KS8sD5ky9kC},
	year={2011},
	publisher={Elsevier Science}
}

@article{Brum-2017,
	doi	= {10.1016/j.dsr.2017.08.014},
	title	= {Energetics of the Brazil Current in the Rio Grande Cone region},
	author	= {Brum, André Lopes and Azevedo, José Luiz Lima de and Oliveira, Leopoldo Rota de and Calil, Paulo Henrique Rezende},
	journal	= {Deep Sea Research Part I: Oceanographic Research Papers    2017-oct vol. 128},
	
	year	= {2017},
	month	= {oct},
	volume	= {128},
	page	= {67--81},
}

@book{vallis2006atmospheric,
	title={Atmospheric and Oceanic Fluid Dynamics: Fundamentals and Large-scale Circulation},
	author={Vallis, G.K.},
	isbn={9781139459969},
	url={https://books.google.com.br/books?id=cC0Kye7nHEEC},
	year={2006},
	publisher={Cambridge University Press}
}

@article{ferrari2009ocean,
	title={Ocean circulation kinetic energy: Reservoirs, sources, and sinks},
	author={Ferrari, Raffaele and Wunsch, Carl},
	journal={Annual Review of Fluid Mechanics},
	volume={41},
	pages={253--282},
	year={2009},
	publisher={Annual Reviews}
}


@article{de2019driving,
	title={Driving mechanisms of the variability and long-term trend of the Brazil--Malvinas confluence during the 21st century},
	author={de Souza, Mihael M and others},
	journal={Climate Dynamics},
	volume={53},
	pages={6453--6468},
	year={2019},
	publisher={Springer}
}

@ARTICLE{liu2022,
	
	AUTHOR={Liu, Jia and Zheng, Shaojun and Feng, Ming and Xie, Lingling and Feng, Baoxin and Liang, Peng and Wang, Lei and Yang, Lina and Yan, Li},   
	
	TITLE={Seasonal variability of eddy kinetic energy in the East Australian current region},      
	
	JOURNAL={Frontiers in Marine Science},      
	
	VOLUME={9},           
	
	YEAR={2022},      
	
	DOI={10.3389/fmars.2022.1069184},      
	
	ISSN={2296-7745},   
}

@article{kang2016seasonal,
	title={Seasonal variability of the Gulf Stream kinetic energy},
	author={Kang, Dujuan and others},
	journal={Journal of Physical Oceanography},
	volume={46},
	number={4},
	pages={1189--1207},
	year={2016},
	publisher={American Meteorological Society}
}

@article{ofes,
	author = {Masumoto, Yukio and Sasaki, Hideharu and Kagimoto, Takashi and Komori, Nobumasa and Ishida, Akio and Sasai, Yoshikazu and Miyama, Toru and Motoi, Tatsuo and Mitsudera, Humio and Takahashi, Keiko and Sakuma, Hirofumi and Yamagata, Toshio},
	year = {2004},
	month = {01},
	pages = {35-56},
	title = {A Fifty-Year Eddy-Resolving Simulation of the World Ocean - Preliminary Outcomes of OFES (OGCM for the Earth Simulator)},
	volume = {1},
	journal = {Journal of the Earth Simulator}
}

@article{magalhaes2017energetics,
	title={Energetics of eddy-mean flow interactions in the Brazil current between 20° S and 36° S},
	author={Magalh{\~a}es, FC and others},
	journal={Journal of Geophysical Research: Oceans},
	volume={122},
	number={8},
	pages={6129--6146},
	year={2017},
	publisher={Wiley Online Library}
}



@article{yan2023seasonal,
	title={Seasonal Variability of Eddy Kinetic Energy along the Kuroshio Current},
	author={Yan, Xiaomei and Kang, Dujuan and Curchitser, Enrique N and Liu, Xiaohui and Pang, Chongguang and Zhang, Linlin},
	journal={Journal of Physical Oceanography},
	volume={53},
	number={7},
	pages={1731--1752},
	year={2023},
	publisher={American Meteorological Society}
}

@article{yang2017decadal,
	title={On the decadal variability of the eddy kinetic energy in the Kuroshio Extension},
	author={Yang, Yang and San Liang, X and Qiu, Bo and Chen, Shuiming},
	journal={Journal of physical oceanography},
	volume={47},
	number={5},
	pages={1169--1187},
	year={2017},
	publisher={American Meteorological Society}
}


@article{zhang2021seasonal,
	title={Seasonal variability of subthermocline eddy kinetic energy east of the Philippines},
	author={Zhang, Linlin and Hui, Yuchao and Qu, Tangdong and Hu, Dunxin},
	journal={Journal of Physical Oceanography},
	volume={51},
	number={3},
	pages={685--699},
	year={2021}
}


@article{fonteles,
	author = {Fonteles, Caio and Fujita, Carlos and Azevedo, José and Mata, Mauricio},
	year = {2014},
	month = {12},
	pages = {1231},
	title = {SOBRE A VARIABILIDADE ESPACIAL E TEMPORAL DA ENERGIA CINÉTICA TURBULENTA (EKE) NA CONFLUÊNCIA BRASIL- MALVINAS},
	volume = {66},
	journal = {Revista Brasileira de Cartografia},
	doi = {10.14393/rbcv66n6-44710}
}

@article{azevedo2008processos,
	title={Os processos de convers{\~a}o de energia nos oceanos: uma revis{\~a}o do Diagrama de Lorenz},
	author={Azevedo, Jos{\'e} Luiz Lima de and Oliveira, Leopoldo Rota de and Souza, Jos{\'e} Francisco Almeida de and Soares, Ivan Dias and Mata, Maur{\'\i}cio Magalh{\~a}es},
	journal={Revista Brasileira de Geof{\'\i}sica},
	volume={26},
	pages={153--172},
	year={2008},

}

@article{masumoto2004fifty,
	title={A fifty-year eddy-resolving simulation of the world ocean: Preliminary outcomes of OFES (OGCM for the Earth Simulator)},
	author={Masumoto, Yukio and Sasaki, Hideharu and Kagimoto, Takashi and Komori, Nobumasa and Ishida, Akio and Sasai, Yoshikazu and Miyama, Toru and Motoi, Tatsuo and Mitsudera, Humio and Takahashi, Keiko and others},
	journal={J. Earth Simulator},
	volume={1},
	pages={35--56},
	year={2004}
}

@thesis{magalhaes2017interaccao,
	title={Intera{\c{c}}{\~a}o entre os fluxos m{\'e}dio e turbulento no Atl{\^a}ntico Sudoeste: an{\'a}lise energ{\'e}tica e fluxo de calor turbulento divergente na Corrente do Brasil e na Corrente do Atl{\^a}ntico Sul},
	author={Magalh{\~a}es, Fernando Carvalho},
	year={2017}
}

@article{margules1903uberdie,
	title={Uberdie energie der sturme},
	author={Margules, M},
	journal={Jahrbuch. Zentralavstalt},
	year={1903}
}

@article{lorenz1955available,
	title={Available potential energy and the maintenance of the general circulation},
	author={Lorenz, Edward N},
	journal={Tellus},
	volume={7},
	number={2},
	pages={157--167},
	year={1955},
	publisher={Taylor \& Francis}
}




@misc{pacotelec,
	author={Magalh{\~a}es, Fernando Carvalho and Brum, André Lopes and  Azevedo,  Jos{\'e} Luiz Lima},
	title={Lorenz Energy Cycle - LEC},
	year={2017}}